@article{saris_evaluation_1991,
	title = {Evaluation of measurement instruments using a structural modeling approach},
	journal = {Measurement errors in surveys},
	author = {W. E. Saris and F. M. Andrews},
	year = {1991},
	pages = {575?599}
}